@misc{cite0,
	author = {Auteur Untel},
    title = {Titre1},
   	howpublished = {\url{<http://www.url0.org/>}},
    year = 2014,
    note = "[Online; accessed 16-January-2014]"
}

@misc{cite1,
	author = {Auteur Autre},
    title = {Titre2},
   	howpublished = {\url{<http://www.url1.org/>}},
    year = 2014,
    note = "[Online; accessed 16-January-2014]"
}

@misc{cite2,
	author = {Auteur Ailleurs},
    title = {Titre3},
   	howpublished = {\url{<http://www.url2.org/>}},
    year = 2014,
    note = "[Online; accessed 16-January-2014]"
}

@misc{cite3,
	author = {Auteur Lui},
    title = {Titre4},
   	howpublished = {\url{<http://www.url3.org/>}},
    year = 2014,
    note = "[Online; accessed 16-January-2014]"
}

@misc{cite4,
	author = {Auteur Elle},
    title = {Titre5},
   	howpublished = {\url{<http://www.url4.org/>}},
    year = 2014,
    note = "[Online; accessed 16-January-2014]"
}

@book{cite6,
	author = {Auteur Livre1},
    title = {Titre Livre1},
    year = {2014},
    publisher = {Editeur1}
}